<?xml version="1.0" encoding="UTF-8"?><record xmlns="http://www.loc.gov/MARC21/slim" xmlns:cinclude="http://apache.org/cocoon/include/1.0" xmlns:zs="http://www.loc.gov/zing/srw/">
  <leader>00824nz  a2200169n  4500</leader>
  <controlfield tag="001">no2012069327</controlfield>
  <controlfield tag="003">DLC</controlfield>
  <controlfield tag="005">20120520074915.0</controlfield>
  <controlfield tag="008">120518n| acannaabn          |a aaa     c</controlfield>
  <datafield tag="010" ind1=" " ind2=" ">
    <subfield code="a">no2012069327</subfield>
  </datafield>
  <datafield tag="035" ind1=" " ind2=" ">
    <subfield code="a">(OCoLC)oca09201809</subfield>
  </datafield>
  <datafield tag="040" ind1=" " ind2=" ">
    <subfield code="a">ZA-PrTUT</subfield>
    <subfield code="b">eng</subfield>
    <subfield code="c">ZA-PrTUT</subfield>
  </datafield>
  <datafield tag="100" ind1="1" ind2=" ">
    <subfield code="a">Strydom, Ian</subfield>
  </datafield>
  <datafield tag="400" ind1="1" ind2=" ">
    <subfield code="a">Strydom, I.</subfield>
    <subfield code="q">(Ian)</subfield>
  </datafield>
  <datafield tag="670" ind1=" " ind2=" ">
    <subfield code="a">A framework for information quality analysis and management, 2009:</subfield>
    <subfield code="b">t.p. (Study leader: Prof. I. Strydom)</subfield>
  </datafield>
  <datafield tag="670" ind1=" " ind2=" ">
    <subfield code="a">Estimating problems in software and IT projects and their implications for project success, 2009:</subfield>
    <subfield code="b">t.p. (Supervisor: Ian Strydom)</subfield>
  </datafield>
  <datafield tag="670" ind1=" " ind2=" ">
    <subfield code="a">Univ. of Pretoria WWW site, May 18, 2012</subfield>
    <subfield code="b">(Prof. Ian Strydom, Dept. of Informatics. After completion of the D.Com degree in 1994, Ian started part time lecturing on MBA programs with UP and De Montford, and later with TUT)</subfield>
  </datafield>
</record>